@article{abdulkader2015brain,
  title={Brain computer interfacing: Applications and challenges},
  author={Abdulkader, Sarah N and Atia, Ayman and Mostafa, Mostafa-Sami M},
  journal={Egyptian Informatics Journal},
  volume={16},
  number={2},
  pages={213--230},
  year={2015},
  publisher={Elsevier}
}
@inproceedings{shih2012brain,
  title={Brain-computer interfaces in medicine},
  author={Shih, Jerry J and Krusienski, Dean J and Wolpaw, Jonathan R},
  booktitle={Mayo clinic proceedings},
  volume={87},
  number={3},
  pages={268--279},
  year={2012},
  organization={Elsevier}
}
@incollection{wolpaw2013brain,
  title={Brain--computer interfaces},
  author={Wolpaw, Jonathan R},
  booktitle={Handbook of Clinical Neurology},
  volume={110},
  pages={67--74},
  year={2013},
  publisher={Elsevier}
}
@article{daly2008brain,
  title={Brain--computer interfaces in neurological rehabilitation},
  author={Daly, Janis J and Wolpaw, Jonathan R},
  journal={The Lancet Neurology},
  volume={7},
  number={11},
  pages={1032--1043},
  year={2008},
  publisher={Elsevier}
}
@inproceedings{jure2016bci,
  title={BCI-FES system for neuro-rehabilitation of stroke patients},
  author={Jure, Fabricio A and Carrere, Luc{\'\i}a C and Gentiletti, Gerardo G and Tabernig, Carolina B},
  booktitle={Journal of Physics: Conference Series},
  volume={705},
  number={1},
  pages={012058},
  year={2016},
  organization={IOP Publishing}
}
@article{van2012brain,
  title={Brain-computer interfaces: beyond medical applications},
  author={Van Erp, Jan and Lotte, Fabien and Tangermann, Michael},
  journal={Computer},
  volume={45},
  number={4},
  pages={26--34},
  year={2012},
  publisher={IEEE}
}
@article{schneider2014introduction,
  title={Introduction to the brain-computer interface},
  author={Schneider, P},
  journal={Zeszyty Naukowe. Elektryka/Politechnika Opolska},
  pages={91--92},
  year={2014}
}
@incollection{principe2008bmi,
  title={BMI/BCI modeling and signal processing},
  author={Principe, Jos{\'e} C and McFarland, Dennis J},
  booktitle={Brain-Computer Interfaces},
  pages={47--64},
  year={2008},
  publisher={Springer}
}
@incollection{wang2012improving,
  title={Improving brain--computer interfaces using independent component analysis},
  author={Wang, Yijun and Jung, Tzyy-Ping},
  booktitle={Towards Practical Brain-Computer Interfaces},
  pages={67--83},
  year={2012},
  publisher={Springer}
}
@inproceedings{wolpaw2007brain,
  title={Brain-computer interfaces (BCIs) for communication and control},
  author={Wolpaw, Jonathan R},
  booktitle={Proceedings of the 9th international ACM SIGACCESS conference on Computers and accessibility},
  pages={1--2},
  year={2007}
}
@article{philip2020visual,
  title={Visual P300 mind-speller brain-computer interfaces: a walk through the recent developments with special focus on classification algorithms},
  author={Philip, Jobin T and George, S Thomas},
  journal={Clinical EEG and neuroscience},
  volume={51},
  number={1},
  pages={19--33},
  year={2020},
  publisher={SAGE Publications Sage CA: Los Angeles, CA}
}
@inproceedings{lelievre2013single,
  title={Single trial BCI classification accuracy improvement for the novel virtual sound movement-based spatial auditory paradigm},
  author={Lelievre, Yohann and Washizawa, Yoshikazu and Rutkowski, Tomasz M},
  booktitle={2013 asia-pacific signal and information processing association annual summit and conference},
  pages={1--6},
  year={2013},
  organization={IEEE}
}
@article{bonnet2013two,
  title={Two brains, one game: design and evaluation of a multiuser BCI video game based on motor imagery},
  author={Bonnet, Laurent and Lotte, Fabien and L{\'e}cuyer, Anatole},
  journal={IEEE Transactions on Computational Intelligence and AI in games},
  volume={5},
  number={2},
  pages={185--198},
  year={2013},
  publisher={IEEE}
}